@online{numsynth,
  author = {Hocquette, Céline},
  title = {NumSynth-AAAI23},
  year = {2023},
  url = {https://github.com/celinehocquette/numsynth-aaai23},
  urldate = {2025-09-08}
}

@online{popper,
  author = {{Logic and Learning Lab}},
  title = {Popper: an Inductive Logic Programming system},
  year = {2020},
  url = {https://github.com/logic-and-learning-lab/Popper},
  urldate = {2025-09-08}
}

@article{hocquette2023learning,
  title={Learning programs with magic values},
  author={Hocquette, Céline and Cropper, Andrew},
  journal={Machine Learning},
  volume={112},
  number={5},
  pages={1551--1595},
  year={2023},
  publisher={Springer}
}

@online{swi-prolog-pldoc,
  author       = {Wielemaker, Jan},
  title        = {SWI-Prolog Source Documentation},
  url          = {https://www.swi-prolog.org/pldoc/doc_for?object=section(%27packages/pldoc.html%27)},
  urldate      = {2025-09-18}
}